<?xml version="1.0" encoding="UTF-8"?><collection xmlns="http://www.loc.gov/MARC21/slim"><record><leader>00369nam--2200133-i-4500</leader><controlfield tag="001">000040670</controlfield><controlfield tag="002">20161230</controlfield><controlfield tag="005">20161230201042</controlfield><controlfield tag="008">060222s1000------------r-----000-0-eng-d</controlfield><datafield ind1=" " ind2=" " tag="080"><subfield code="a">621.382.2(043)</subfield></datafield><datafield ind1=" " ind2=" " tag="100"><subfield code="a">Schepper, Willi Von</subfield></datafield><datafield ind1=" " ind2=" " tag="245"><subfield code="a">Kennliienberechnung von halbleiterdioden. dissert</subfield></datafield><datafield ind1=" " ind2=" " tag="260"><subfield code="a">Braunschwein, Univ.Carolo-hilhelmina, 1973, 186p</subfield></datafield><datafield ind1=" " ind2=" " tag="852"><subfield code="a">42090</subfield></datafield></record></collection>